00591cas a22002291a 4500
001 999331623502836
003 Nz
005 20161223153240.0
008 040114d1966uuuunz  r ne      0   0 eng  
035    $a (NLNZils)933162
035    $a (Nz)8185382
035    $a (NLNZils)933162-ilsdb
035    $a (OCoLC)173423589
040    $a NZNB $c NZNB
042    $a nznb
043    $a u-nz---
245 00 $a Wairarapa guardian.
260    $a [Masterton, N.Z. : $b s.n., $c 1966-?]
310    $a Weekly
362 0  $a 1966 Jun.15-?
651  0 $a Wairarapa (N.Z.) $v Newspapers.
655  7 $a New Zealand newspapers. $2 local $5 Nz
